@inreference{2023c,
  title = {Latent and Observable Variables},
  booktitle = {Wikipedia},
  date = {2023-10-03T05:48:48Z},
  url = {https://en.wikipedia.org/w/index.php?title=Latent_and_observable_variables&oldid=1178364524},
  urldate = {2023-12-25},
  langid = {english},
  annotation = {Page Version ID: 1178364524}
}

@article{Belloni2013,
  title = {Least Squares after Model Selection in High-Dimensional Sparse Models},
  author = {Belloni, Alexandre and Chernozhukov, Victor},
  date = {2013},
  journaltitle = {Bernoulli},
  volume = {19},
  number = {2},
  eprint = {23525734},
  eprinttype = {jstor},
  pages = {521--547},
  publisher = {International Statistical Institute (ISI) and Bernoulli Society for Mathematical Statistics and Probability},
  issn = {1350-7265},
  url = {https://www.jstor.org/stable/23525734},
  urldate = {2023-12-26}
}

@online{Chen2023a,
  title = {Tests for Many Treatment Effects in Regression Discontinuity Panel Data Models},
  author = {Chen, Likai and Keilbar, Georg and Su, Liangjun and Wang, Weining},
  date = {2023-12-02},
  eprint = {2312.01162},
  eprinttype = {arxiv},
  eprintclass = {econ, stat},
  doi = {10.48550/arXiv.2312.01162},
  url = {http://arxiv.org/abs/2312.01162},
  urldate = {2023-12-16},
  pubstate = {preprint}
}

@article{Fan2001,
  title = {Variable Selection via Nonconcave Penalized Likelihood and Its Oracle Properties},
  author = {Fan, Jianqing and Li, Runze},
  date = {2001},
  journaltitle = {Journal of the American Statistical Association},
  volume = {96},
  number = {456},
  eprint = {3085904},
  eprinttype = {jstor},
  pages = {1348--1360},
  publisher = {[American Statistical Association, Taylor \& Francis, Ltd.]},
  issn = {0162-1459},
  url = {https://www.jstor.org/stable/3085904},
  urldate = {2023-12-26}
}

@online{Hardy2017,
  type = {Forum post},
  title = {What Is the Oracle Property of an Estimator?},
  author = {Hardy, Richard},
  date = {2017-01-27},
  url = {https://stats.stackexchange.com/q/229142},
  urldate = {2023-12-26},
  organization = {Cross Validated}
}

@article{Lu2017,
  title = {Determining the Number of Groups in Latent Panel Structures with an Application to Income and Democracy},
  author = {Lu, Xun and Su, Liangjun},
  date = {2017},
  journaltitle = {Quantitative Economics},
  volume = {8},
  number = {3},
  pages = {729--760},
  issn = {1759-7331},
  doi = {10.3982/QE517},
  url = {https://onlinelibrary.wiley.com/doi/abs/10.3982/QE517},
  urldate = {2023-12-25},
  langid = {english}
}

@article{Su2016,
  title = {Identifying Latent Structures in Panel Data},
  author = {Su, Liangjun and Shi, Zhentao and Phillips, Peter C. B.},
  date = {2016},
  journaltitle = {Econometrica},
  volume = {84},
  number = {6},
  pages = {2215--2264},
  issn = {1468-0262},
  doi = {10.3982/ECTA12560},
  url = {https://onlinelibrary.wiley.com/doi/abs/10.3982/ECTA12560},
  urldate = {2023-12-16},
  langid = {english}
}

@article{Su2018,
  title = {Identifying Latent Grouped Patterns in Panel Data Models with Interactive Fixed Effects},
  author = {Su, Liangjun and Ju, Gaosheng},
  date = {2018-10-01},
  journaltitle = {Journal of Econometrics},
  shortjournal = {Journal of Econometrics},
  series = {Special Issue on Advances in Econometric Theory: Essays in Honor of Takeshi Amemiya},
  volume = {206},
  number = {2},
  pages = {554--573},
  issn = {0304-4076},
  doi = {10.1016/j.jeconom.2018.06.014},
  url = {https://www.sciencedirect.com/science/article/pii/S0304407618301106},
  urldate = {2023-12-25}
}

@article{Su2019,
  title = {Sieve Estimation of Time-Varying Panel Data Models With Latent Structures},
  author = {Su, Liangjun and Wang, Xia and Jin, Sainan},
  date = {2019-04-03},
  journaltitle = {Journal of Business \& Economic Statistics},
  volume = {37},
  number = {2},
  pages = {334--349},
  publisher = {Taylor \& Francis},
  issn = {0735-0015},
  doi = {10.1080/07350015.2017.1340299},
  url = {https://doi.org/10.1080/07350015.2017.1340299},
  urldate = {2023-12-25}
}

@online{TPArrow2016,
  title = {Answer to "What Is the Oracle Property of an Estimator?"},
  shorttitle = {Answer to "What Is the Oracle Property of an Estimator?},
  author = {TPArrow},
  date = {2016-08-10},
  url = {https://stats.stackexchange.com/a/229159},
  urldate = {2023-12-26},
  organization = {Cross Validated}
}

@online{User7953052017,
  title = {Answer to "What Is the Oracle Property of an Estimator?"},
  shorttitle = {Answer to "What Is the Oracle Property of an Estimator?},
  author = {{user795305}},
  date = {2017-07-03},
  url = {https://stats.stackexchange.com/a/288509},
  urldate = {2023-12-26},
  organization = {Cross Validated}
}

@article{Wang2018,
  title = {Homogeneity Pursuit in Panel Data Models: Theory and Application},
  shorttitle = {Homogeneity Pursuit in Panel Data Models},
  author = {Wang, Wuyi and Phillips, Peter C. B. and Su, Liangjun},
  date = {2018},
  journaltitle = {Journal of Applied Econometrics},
  volume = {33},
  number = {6},
  pages = {797--815},
  issn = {1099-1255},
  doi = {10.1002/jae.2632},
  url = {https://onlinelibrary.wiley.com/doi/abs/10.1002/jae.2632},
  urldate = {2023-12-16},
  langid = {english}
}

@article{Wang2019,
  title = {The Heterogeneous Effects of the Minimum Wage on Employment across States},
  author = {Wang, Wuyi and Phillips, Peter C. B. and Su, Liangjun},
  date = {2019-01-01},
  journaltitle = {Economics Letters},
  shortjournal = {Economics Letters},
  volume = {174},
  pages = {179--185},
  issn = {0165-1765},
  doi = {10.1016/j.econlet.2018.11.002},
  url = {https://www.sciencedirect.com/science/article/pii/S0165176518304580},
  urldate = {2023-12-25}
}

@article{Wang2021,
  title = {Identifying Latent Group Structures in Nonlinear Panels},
  author = {Wang, Wuyi and Su, Liangjun},
  date = {2021-02-01},
  journaltitle = {Journal of Econometrics},
  shortjournal = {Journal of Econometrics},
  series = {Annals Issue: Celebrating 40 Years of Panel Data Analysis: Past, Present and Future},
  volume = {220},
  number = {2},
  pages = {272--295},
  issn = {0304-4076},
  doi = {10.1016/j.jeconom.2020.04.003},
  url = {https://www.sciencedirect.com/science/article/pii/S0304407620301214},
  urldate = {2023-12-16}
}

@online{zotero-635,
  title = {Homogeneity Pursuit in Panel Data Models: Theory and Application - Wang - 2018 - Journal of Applied Econometrics - Wiley Online Library},
  url = {https://onlinelibrary.wiley.com/doi/full/10.1002/jae.2632},
  urldate = {2023-12-25}
}
