@book{Casella2002,
  title = {Statistical Inference},
  author = {Casella, George and Berger, Roger L.},
  date = {2002},
  edition = {2nd ed},
  publisher = {Thomson Learning},
  location = {Australia ; Pacific Grove, CA},
  isbn = {978-0-534-24312-8},
  langid = {english},
  pagetotal = {660}
}

@online{Characteristic_function_wiki,
  title = {Characteristic Function (Probability Theory)},
  date = {2023-10-05T18:33:31Z},
  url = {https://en.wikipedia.org/w/index.php?title=Characteristic_function_(probability_theory)&oldid=1178762588},
  urldate = {2023-10-31},
  langid = {english},
  organization = {Wikipedia},
  annotation = {Page Version ID: 1178762588}
}

@online{Generator,
  title = {Lawsnote},
  author = {{generator}, metatags},
  url = {https://lawsnote.com/},
  urldate = {2023-11-27},
  langid = {chinese}
}

@online{logistic_MGF,
  title = {Moment Generating Function of Logistic Distribution - ProofWiki},
  url = {https://proofwiki.org/wiki/Moment_Generating_Function_of_Logistic_Distribution},
  urldate = {2023-10-31}
}

@article{Pawitan1993,
  title = {Modeling Disease Marker Processes in AIDS},
  author = {Pawitan, Yudi and Self, Steve},
  date = {1993-09},
  journaltitle = {Journal of the American Statistical Association},
  shortjournal = {Journal of the American Statistical Association},
  volume = {88},
  number = {423},
  pages = {719--726},
  issn = {0162-1459, 1537-274X},
  doi = {10.1080/01621459.1993.10476332},
  url = {http://www.tandfonline.com/doi/abs/10.1080/01621459.1993.10476332},
  urldate = {2023-10-29},
  langid = {english}
}

@article{Robins1995,
  title = {Analysis of Semiparametric Regression Models for Repeated Outcomes in the Presence of Missing Data},
  author = {Robins, James M. and Rotnitzky, Andrea and Zhao, Lue Ping},
  date = {1995-03},
  journaltitle = {Journal of the American Statistical Association},
  shortjournal = {Journal of the American Statistical Association},
  volume = {90},
  number = {429},
  pages = {106--121},
  issn = {0162-1459, 1537-274X},
  doi = {10.1080/01621459.1995.10476493},
  url = {http://www.tandfonline.com/doi/abs/10.1080/01621459.1995.10476493},
  urldate = {2023-12-01},
  langid = {english}
}

@book{Verbeke2001,
  title = {Linear Mixed Models for Longitudinal Data},
  author = {Verbeke, Geert and Molenberghs, Geert},
  date = {2001},
  series = {Springer Series in Statistics},
  edition = {Corr. 2. print},
  publisher = {Springer},
  location = {New York Berlin Heidelberg},
  isbn = {978-0-387-95027-3},
  langid = {english},
  pagetotal = {568}
}

@online{wiki_gamma,
  title = {Gamma Function},
  date = {2023-10-20T20:30:21Z},
  url = {https://en.wikipedia.org/w/index.php?title=Gamma_function&oldid=1181093976#Integration_problems},
  urldate = {2023-11-04},
  langid = {english},
  organization = {Wikipedia},
  annotation = {Page Version ID: 1181093976}
}

@online{zotero-596,
  title = {立法院法律系統},
  url = {https://lis.ly.gov.tw/lglawc/lawsingle?00024A42C69E000000000000000003200000000700FFFFFD00^01958090101200^00000000000},
  urldate = {2023-11-27}
}
